@article{XXCZ202306017,
	author  = {张可云},
	title   = {城镇化助推现代化的中国特色路径},
	journal = {新型城镇化},
	volume  = {},
	number  = {42-44},
	year    = {2023},
	issn    = {2096-2290}
}    
@article{JZXB201004006,
	author = {董春方},
	title = {城市高密度环境下的建筑学思考},
	journal = {建筑学报},
	volume = {},
	number = {20-23},
	year = {2010},
	issn = {0529-1399},
}
@article{CSDQ200708009,
	author = {王跃},
	title = {城市停车难问题的解决思路},
	journal = {城市道桥与防洪},
	volume = {},
	number = 25-27+202,
	year = {2007},
	issn = {1009-7716},
	doi ={10.16799/j.cnki.csdqyfh.2007.08.009}
}
@article{JSSD201905002,
	author = {孙钧},
	title = {国内外城市地下空间资源开发利用的发展和问题},
	journal = {隧道建设(中英文)},
	volume = {39},
	number = {699-709},
	year = {2019},
	issn = {2096-4498},
}    
@mastersthesis{1022811825.nh,
 author = {张宇翔},
 title = {包头市地下商业空间优化设计研究},
 school = {内蒙古科技大学},
 year = {2023}
 }
@article{CSDQ201807120,
author = {赵先顺},
title = {地下车库联络道电气设计探讨},
journal = {城市道桥与防洪},
volume = {},
number = {365-368+34},
year = {2018},
issn = {1009-7716},
doi = {10.16799/j.cnki.csdqyfh.2018.07.103}
}
@article{ZGBZ202119043,
author = {李娅 and 祖永昶 and 司宇琪 and 胡建伟},
title = {公安行业标准《城市道路路内停车位设置规范》（GA/T 850-2021）解析},
journal = {中国标准化},
volume = {},
number = {186-191},
year = {2021},
issn = {1002-5944},
}
@inproceedings{carrasco2005innovative,
  title={Innovative CAD-based application for parking lot design},
  author={Carrasco, Milton--P and Pecanac, Mladen},
  booktitle={2005 Annual Conference of the Transportation Association of CanadaTransportation Association of Canada (TAC)},
  year={2005}
}
@article{JCJG202304039,
author = {刘成才},
title = {Auto CAD在建筑与土木工程设计中的主要功能及其应用},
journal = {建筑结构},
volume = {53},
number = {157},
year = {2023},
issn = {1002-848X},
}
@article{fowler1981optimal,
  title={Optimal packing and covering in the plane are NP-complete},
  author={Fowler, Robert J and Paterson, Michael S and Tanimoto, Steven L},
  journal={Information processing letters},
  volume={12},
  number={3},
  pages={133--137},
  year={1981},
  publisher={Elsevier}
}
@article{birgin2006method,
  title={Method of sentinels for packing items within arbitrary convex regions},
  author={Birgin, Ernesto G and Mart{\'\i}nez, Jos{\'e} Mario and Mascarenhas, Walter F and Ronconi, D{\'e}bora P},
  journal={Journal of the Operational Research Society},
  volume={57},
  number={6},
  pages={735--746},
  year={2006},
  publisher={Taylor \& Francis}
}
@article{birgin2006orthogonal,
  title={Orthogonal packing of rectangular items within arbitrary convex regions by nonlinear optimization},
  author={Birgin, Ernesto G and Mart{\'\i}nez, Jos{\'e} Mario and Nishihara, FH and Ronconi, D{\'e}bora P},
  journal={Computers \& Operations Research},
  volume={33},
  number={12},
  pages={3535--3548},
  year={2006},
  publisher={Elsevier}
}
@article{birgin2010orthogonal,
  title={Orthogonal packing of identical rectangles within isotropic convex regions},
  author={Birgin, Ernesto G and Lobato, Rafael D},
  journal={Computers \& Industrial Engineering},
  volume={59},
  number={4},
  pages={595--602},
  year={2010},
  publisher={Elsevier}
}
@article{cassioli2010heuristic,
  title={A heuristic approach for packing rectangles in convex regions},
  author={Cassioli, Andrea and Locatelli, Marco},
  journal={Optimization Online, http://www. optimizationonline. org},
  year={2010}
}
@article{lopez2018packing,
  title={Packing unequal rectangles and squares in a fixed size circular container using formulation space search},
  author={L{\'o}pez, Claudia O and Beasley, John E},
  journal={Computers \& Operations Research},
  volume={94},
  pages={106--117},
  year={2018},
  publisher={Elsevier}
}
@article{young1988review,
  title={A review of parking lot design models},
  author={Young, William},
  journal={Transport Reviews},
  volume={8},
  number={2},
  pages={161--181},
  year={1988},
  publisher={Taylor \& Francis}
}
@inproceedings{mendat2003perceptions,
  title={Perceptions of parking facilities: factors to consider in design and maintenance},
  author={Mendat, Christina C and Wogalter, Michael S},
  booktitle={Proceedings of the Human Factors and Ergonomics Society Annual Meeting},
  volume={47},
  number={6},
  pages={918--921},
  year={2003},
  organization={SAGE Publications Sage CA: Los Angeles, CA}
}
@article{abdelfatah2014parking,
  title={Parking capacity optimization using linear programming},
  author={Abdelfatah, Akmal S and Taha, Mahmoud A},
  journal={Journal of traffic and logistics engineering},
  volume={2},
  number={3},
  year={2014}
}
@inproceedings{syahrini2018mathematical,
  title={Mathematical model of parking space unit for triangular parking area},
  author={Syahrini, Intan and Sundari, Teti and Iskandar, Taufiq and Halfiani, Vera and Munzir, Said and Ramli, Marwan},
  booktitle={IOP Conference Series: Materials Science and Engineering},
  volume={300},
  number={1},
  pages={012012},
  year={2018},
  organization={IOP Publishing}
}
@article{hasbiyati2019parking,
  title={Parking lot optimization in parallelogram using the concept area of rectangular and right triangle},
  author={Hasbiyati, Ihda and Putri, Widiawati and Adnan, Arisman and others},
  journal={Pure and Applied Mathematics Journal},
  volume={8},
  number={4},
  pages={77--82},
  year={2019}
}
@article{stephan2021layout,
  title={Layout design of parking lots with mathematical programming},
  author={Stephan, Konrad and Weidinger, Felix and Boysen, Nils},
  journal={Transportation Science},
  volume={55},
  number={4},
  pages={930--945},
  year={2021},
  publisher={INFORMS}
}
@inproceedings{huang2020general,
  title={A general algorithm for rectangular parking optimization design},
  author={Huang, Junhao and Liao, Tianchi and Kang, Haining and Wang, Jianjun},
  booktitle={Journal of Physics: Conference Series},
  volume={1486},
  number={3},
  pages={032029},
  year={2020},
  organization={IOP Publishing}
}
@mastersthesis { 1021546706.nh,
author = { 利润 },
title = {地下停车场车位自动化排布方法研究},
school = {华南理工大学},
year = {2020}
}
@inproceedings{guo2022optimal,
  title={Optimal Design of Parking Spaces in Open-air Parking Lots},
  author={Guo, Yao and Chen, Chang},
  booktitle={2022 IEEE 2nd International Conference on Power, Electronics and Computer Applications (ICPECA)},
  pages={958--963},
  year={2022},
  organization={IEEE}
}
@inproceedings{xu2007particle,
  title={Particle swarm algorithm for weighted rectangle placement},
  author={Xu, Yi-Chun and Xiao, Ren-Bin and Amos, Martyn},
  booktitle={Third International Conference on Natural Computation (ICNC 2007)},
  volume={4},
  pages={728--732},
  year={2007},
  organization={IEEE}
}
@article{xu2010genetic,
  title={Genetic algorithm for rectangle layout optimization with equilibrium constraints},
  author={Xu, YC and Dong, FM and Liu, Yong and Xiao, RB},
  journal={Pattern recognition and artificial intelligence},
  volume={23},
  number={6},
  pages={794--801},
  year={2010}
}
@article{cassioli2010heuristic,
  title={A heuristic approach for packing rectangles in convex regions},
  author={Cassioli, Andrea and Locatelli, Marco},
  journal={Optimization Online, http://www. optimizationonline. org},
  year={2010}
}
@article{zhao2014human,
  title={A human--computer cooperative particle swarm optimization based immune algorithm for layout design},
  author={Zhao, Fengqiang and Li, Guangqiang and Yang, Chao and Abraham, Ajith and Liu, Hongbo},
  journal={Neurocomputing},
  volume={132},
  pages={68--78},
  year={2014},
  publisher={Elsevier}
}
@article{ JSGG201820015,
author = { 马莹 and 王怀晓 and 刘贺 and 陈志龙 },
title = {一种新的自适应量子遗传算法研究},
journal = {计算机工程与应用},
volume = {54},
number = {99-103},
year = {2018},
issn = {1002-8331},
}
@article{nourinejad2018designing,
  title={Designing parking facilities for autonomous vehicles},
  author={Nourinejad, Mehdi and Bahrami, Sina and Roorda, Matthew J},
  journal={Transportation Research Part B: Methodological},
  volume={109},
  pages={110--127},
  year={2018},
  publisher={Elsevier}
}
@inproceedings{chen2022arrangement,
  title={Arrangement method of parking spaces in underground garages based on improved genetic algorithm},
  author={Chen, Wengang},
  booktitle={International Conference on Statistics, Applied Mathematics, and Computing Science (CSAMCS 2021)},
  volume={12163},
  pages={376--382},
  year={2022},
  organization={SPIE}
}
@inproceedings{ferreira2014self,
  title={Self-automated parking lots for autonomous vehicles based on vehicular ad hoc networking},
  author={Ferreira, Michel and Damas, Lu{\'\i}s and Conceicao, Hugo and d'Orey, Pedro M and Fernandes, Ricardo and Steenkiste, Peter and Gomes, Pedro},
  booktitle={2014 IEEE Intelligent Vehicles Symposium Proceedings},
  pages={472--479},
  year={2014},
  organization={IEEE}
}
@inproceedings{timpner2015k,
  title={k-Stacks: High-density valet parking for automated vehicles},
  author={Timpner, Julian and Friedrichs, Stephan and Van Balen, Johannes and Wolf, Lars},
  booktitle={2015 IEEE Intelligent Vehicles Symposium (IV)},
  pages={895--900},
  year={2015},
  organization={IEEE}
}
@inproceedings{banzhaf2017high,
  title={High density valet parking using k-deques in driveways},
  author={Banzhaf, Holger and Quedenfeld, Frank and Nienhueser, Dennis and Knoop, Steffen and Zoellner, J Marius},
  booktitle={2017 IEEE Intelligent Vehicles Symposium (IV)},
  pages={1413--1420},
  year={2017},
  organization={IEEE}
}
@article{kong2018capacity,
  title={Capacity impacts and optimal geometry of automated cars’ surface parking facilities},
  author={Kong, You and Le Vine, Scott and Liu, Xiaobo and others},
  journal={Journal of Advanced Transportation},
  volume={2018},
  year={2018},
  publisher={Hindawi}
}
@article{siddique2021puzzle,
  title={Puzzle-based parking},
  author={Siddique, Parag J and Gue, Kevin R and Usher, John S},
  journal={Transportation Research Part C: Emerging Technologies},
  volume={127},
  pages={103112},
  year={2021},
  publisher={Elsevier}
}
@article{ TMJZ202104021,
author = { 郑聪 and  孙昱 and  欧燕 },
title = {Dynamo可视化编程在车位排布中的应用研究},
journal = {土木建筑工程信息技术},
volume = {13},
pages = {139-147},
year = {2021},
issn = {1674-7461},
doi = {10.16670/j.cnki.cn11-5823/tu.2021.04.21}
}
@mastersthesis{1020726891.nh,
author = {徐涵喆},
title = {基于区域划分的地下车库车位排布问题算法研究},
school = {上海交通大学},
year = {2019}
}
@article{BJYD202004002, 
author = {黄逸彬 and 杨赫 and 周钟秉 and 刘晓}, 
title = {基于图形分割的城市地下车库车位排布优化方法}, 
journal = {北京邮电大学学报}, 
volume = {43}, 
number = 7-14, 
year = {2020}, 
issn = {1007-5321}, 
doi ={10.13190/j.jbupt.2019-212} 
}
@mastersthesis{1022674189.nh,
author = {冯嘉宇},
title = {基于像素分割和遗传算法的车位排列问题研究},
school = {浙江理工大学},
year = {2022}
}
@mastersthesis{1020332216.nh,
author = {余光鑫},
title = {基于强化学习的地下车库生成式设计研究},
school = {华南理工大学},
year = {2020}
}
@mastersthesis{1023719817.nh,
author = {王潇霆},
title = {基于探索策略和区域分割算法的地下车库车位排布研究},
school = {浙江理工大学},
year = {2023}
}
@book{sutton2018reinforcement,
  title={Reinforcement learning: An introduction},
  author={Sutton, Richard S and Barto, Andrew G},
  year={2018},
  publisher={MIT press}
}
@mastersthesis{1023788635.nh,
author = {张嘉华},
title = {基于深度强化学习和博弈论的雷达抗干扰技术研究},
school = {南京邮电大学},
year = {2023}
}
@article{mnih2013playing,
  title={Playing atari with deep reinforcement learning},
  author={Mnih, Volodymyr and Kavukcuoglu, Koray and Silver, David and Graves, Alex and Antonoglou, Ioannis and Wierstra, Daan and Riedmiller, Martin},
  journal={arXiv preprint arXiv:1312.5602},
  year={2013}
}
@article{schulman2017proximal,
  title={Proximal policy optimization algorithms},
  author={Schulman, John and Wolski, Filip and Dhariwal, Prafulla and Radford, Alec and Klimov, Oleg},
  journal={arXiv preprint arXiv:1707.06347},
  year={2017}
}
@article{paszke2019pytorch,
  title={Pytorch: An imperative style, high-performance deep learning library},
  author={Paszke, Adam and Gross, Sam and Massa, Francisco and Lerer, Adam and Bradbury, James and Chanan, Gregory and Killeen, Trevor and Lin, Zeming and Gimelshein, Natalia and Antiga, Luca and others},
  journal={Advances in neural information processing systems},
  volume={32},
  year={2019}
}
@article{shahzad2023implementing,
  title={Implementing Artificial Intelligence (AI) and Knowledge Based Engineering (KBE) in Ship Design: A Case Study Based on ACQUAINT},
  author={Shahzad, Tufail and Wang, Peng and Hoffmans, Jacques and others},
  journal={Peter and Hoffmans, Jacques, Implementing Artificial Intelligence (AI) and Knowledge Based Engineering (KBE) in Ship Design: A Case Study Based on ACQUAINT (May 16, 2023)},
  year={2023}
}
@article{zheng2023spatial,
  title={Spatial planning of urban communities via deep reinforcement learning},
  author={Zheng, Yu and Lin, Yuming and Zhao, Liang and Wu, Tinghai and Jin, Depeng and Li, Yong},
  journal={Nature Computational Science},
  volume={3},
  number={9},
  pages={748--762},
  year={2023},
  publisher={Nature Publishing Group US New York}
}